@online{franckhertzwiki,
    author = "Wikipedia",
    title = "Franck-Hertz experiment",
    url  = "https://en.wikipedia.org/wiki/Franck-Hertz_experiment",
    addendum = "(accessed: 12.03.2016)"
}

@online{franckhertzedu,
    author = "University of Texas",
    title = "The Franck-Hertz Experiment: A Field-Trip through Quantization",
    url  = "http://wwwrel.ph.utexas.edu/Public/Students/rcrane/quantum/Frank_Hertz/Fr_Hz/frank_hz.htm",
    addendum = "(accessed: 12.03.2016)"
}

%  @misc{franck-hertz, title={The Franck-Hertz Experiment: A Field-Trip through Quantization}, url={http://wwwrel.ph.utexas.edu/Public/Students/rcrane/quantum/Frank_Hertz/Fr_Hz/frank_hz.htm}, journal={Franck-Hertz}} 
 
 
@book{modernphysics,
    title = {Experiments in modern physics},
    author = {Adrian Constantin Melissinos},
    isbn = {9780124898516},
    year = {2003},
    publisher = {San Diego: Academic Press},
}

 @misc{Franck_theory, title={Franck-Hertz Exeperiment}, url={https://vlab.amrita.edu/?sub=1&amp;brch=195&amp;sim=355&amp;cnt=1}, journal={Franck-Hertz Experiment (theory) : Modern Physics Virtual Lab : Physical Sciences : Amrita Vishwa vidyapeetham virtual lab}} 
 
@book{labmanual,
    title = {The Franck-Hertz Experiment Lab Manual},
    author = {},
    year = {2021}
}

 @misc{bohr, title={Bohr model}, url={https://www.britannica.com/science/Bohr-model}, journal={Encyclopædia Britannica}, publisher={Encyclopædia Britannica, inc.}} 